<?xml version="1.0" encoding="UTF-8"?>
<record>
  <leader>02607nam-a2200457z--4500</leader>
  <controlfield tag="001">99375197491606441</controlfield>
  <controlfield tag="005">20260205213531.0</controlfield>
  <controlfield tag="006">m     o  d        </controlfield>
  <controlfield tag="007">cr#mn|||||||||</controlfield>
  <controlfield tag="008">241218uuuuuuuuuuuuuu-|-o----u|----|eng-d</controlfield>
  <controlfield tag="008">240201c20249999nyuuu d oeb   0    2eng d</controlfield>
  <datafield tag="020" ind1=" " ind2=" ">
    <subfield code="a">0-19-776253-0</subfield>
  </datafield>
  <datafield tag="020" ind1=" " ind2=" ">
    <subfield code="a">9780197762530</subfield>
    <subfield code="q">(online resource)</subfield>
  </datafield>
  <datafield tag="020" ind1=" " ind2=" ">
    <subfield code="a">0197762530</subfield>
    <subfield code="q">(online resource)</subfield>
  </datafield>
  <datafield tag="035" ind1=" " ind2=" ">
    <subfield code="a">(OCoLC)on1449100030</subfield>
  </datafield>
  <datafield tag="035" ind1=" " ind2=" ">
    <subfield code="a">(CKB)5600000000881820</subfield>
  </datafield>
  <datafield tag="035" ind1=" " ind2=" ">
    <subfield code="a">(EXLCZ)995600000000881820</subfield>
  </datafield>
  <datafield tag="040" ind1=" " ind2=" ">
    <subfield code="a">STBDS</subfield>
    <subfield code="b">eng</subfield>
    <subfield code="e">rda</subfield>
    <subfield code="c">STBDS</subfield>
    <subfield code="d">OCLCO</subfield>
    <subfield code="d">OCLCQ</subfield>
    <subfield code="d">YUS</subfield>
    <subfield code="d">OCLCO</subfield>
    <subfield code="d">OCLCL</subfield>
  </datafield>
  <datafield tag="082" ind1="0" ind2="4">
    <subfield code="a">641.3003</subfield>
    <subfield code="2">23</subfield>
    <subfield code="1">https://id.oclc.org/worldcat/ddc/E3VKYrBprgvJY6kH8cm3jfRr49</subfield>
  </datafield>
  <datafield tag="245" ind1="0" ind2="0">
    <subfield code="a">Oxford research encyclopedia of food studies /</subfield>
    <subfield code="c">editor in chief, Darra Goldstein ; area editors: Alex Blanchette [and 7 others].</subfield>
  </datafield>
  <datafield tag="246" ind1="1" ind2=" ">
    <subfield code="i">Title on home page appears as:</subfield>
    <subfield code="a">Welcome to the Oxford research encyclopedia of food studies</subfield>
  </datafield>
  <datafield tag="246" ind1="3" ind2=" ">
    <subfield code="a">Oxford research encyclopedias.</subfield>
    <subfield code="p">Food studies</subfield>
  </datafield>
  <datafield tag="246" ind1="3" ind2=" ">
    <subfield code="a">ORE.</subfield>
    <subfield code="p">Food studies</subfield>
  </datafield>
  <datafield tag="246" ind1="3" ind2=" ">
    <subfield code="a">ORE of food studies</subfield>
  </datafield>
  <datafield tag="246" ind1="3" ind2="0">
    <subfield code="a">Food studies</subfield>
  </datafield>
  <datafield tag="264" ind1=" " ind2="1">
    <subfield code="a">New York, NY :</subfield>
    <subfield code="b">Oxford University Press,</subfield>
    <subfield code="c">2024-</subfield>
  </datafield>
  <datafield tag="300" ind1=" " ind2=" ">
    <subfield code="a">1 online resource :</subfield>
    <subfield code="b">illustrations (color), maps</subfield>
  </datafield>
  <datafield tag="310" ind1=" " ind2=" ">
    <subfield code="a">Frequency of update unknown</subfield>
  </datafield>
  <datafield tag="336" ind1=" " ind2=" ">
    <subfield code="a">text</subfield>
    <subfield code="2">rdacontent</subfield>
  </datafield>
  <datafield tag="337" ind1=" " ind2=" ">
    <subfield code="a">computer</subfield>
    <subfield code="2">rdamedia</subfield>
  </datafield>
  <datafield tag="338" ind1=" " ind2=" ">
    <subfield code="a">online resource</subfield>
    <subfield code="2">rdacarrier</subfield>
  </datafield>
  <datafield tag="362" ind1="1" ind2=" ">
    <subfield code="a">Began in 2024.</subfield>
  </datafield>
  <datafield tag="504" ind1=" " ind2=" ">
    <subfield code="a">Includes bibliographical references.</subfield>
  </datafield>
  <datafield tag="520" ind1="8" ind2=" ">
    <subfield code="a">"With today's overabundance of information, and misinformation, students and researchers alike can be overwhelmed when trying to identify what's trustworthy, what's up-to-date, and what's accurate. Oxford University Press has launched the 'Oxford Research Encyclopedia of Food Studies' to meet this challenge. In the coming months and years, we will publish long-form, peer-reviewed overview articles covering food and identity including race and gender, industrial labour, history of cuisine, the science of taste, fermentation, food justice, food waste, weight stigma, and globalization, among many other topics"--About page.</subfield>
  </datafield>
  <datafield tag="588" ind1=" " ind2=" ">
    <subfield code="a">Description based on online resource; title from home page (viewed on February 1, 2024).</subfield>
  </datafield>
  <datafield tag="650" ind1=" " ind2="0">
    <subfield code="a">Food</subfield>
    <subfield code="v">Encyclopedias.</subfield>
  </datafield>
  <datafield tag="655" ind1=" " ind2="7">
    <subfield code="a">Encyclopedias.</subfield>
    <subfield code="2">lcgft</subfield>
  </datafield>
  <datafield tag="700" ind1="1" ind2=" ">
    <subfield code="a">Blanchette, Alex,</subfield>
    <subfield code="e">contributor.</subfield>
    <subfield code="1">https://id.oclc.org/worldcat/entity/E39PCjHcjgbkwmKqCdKfqykg4y</subfield>
  </datafield>
  <datafield tag="700" ind1="1" ind2=" ">
    <subfield code="a">Goldstein, Darra,</subfield>
    <subfield code="e">editor.</subfield>
    <subfield code="1">https://id.oclc.org/worldcat/entity/E39PBJj4pryW3jfvxrJJh4jt8C</subfield>
  </datafield>
  <datafield tag="710" ind1="2" ind2=" ">
    <subfield code="a">Oxford University Press,</subfield>
    <subfield code="e">publisher.</subfield>
  </datafield>
  <datafield tag="773" ind1="0" ind2="8">
    <subfield code="i">Contained in (manifestation):</subfield>
    <subfield code="t">Oxford research encyclopedias</subfield>
    <subfield code="w">(OCoLC)1007771965</subfield>
  </datafield>
  <datafield tag="906" ind1=" " ind2=" ">
    <subfield code="a">BOOK</subfield>
  </datafield>
  <datafield tag="MBD" ind1=" " ind2=" ">
    <subfield code="M">49HBZ_NETWORK</subfield>
    <subfield code="i">99375197491606441</subfield>
    <subfield code="n">HBZ Network</subfield>
  </datafield>
  <datafield tag="MBD" ind1=" " ind2=" ">
    <subfield code="M">49HBZ_BIE</subfield>
    <subfield code="i">991026168754206442</subfield>
    <subfield code="n">Universität Bielefeld</subfield>
  </datafield>
  <datafield tag="MNG" ind1=" " ind2=" ">
    <subfield code="c">system</subfield>
    <subfield code="f">CKB</subfield>
    <subfield code="i">marc21</subfield>
    <subfield code="l">89</subfield>
    <subfield code="e">false</subfield>
    <subfield code="d">2026-02-06 00:51:12 Europe/Berlin</subfield>
    <subfield code="g">995600000000881820</subfield>
    <subfield code="a">CKB</subfield>
    <subfield code="b">2025-01-17 13:14:05 Europe/Berlin</subfield>
  </datafield>
  <datafield tag="POR" ind1=" " ind2=" ">
    <subfield code="j">Oxford Research Encyclopedias</subfield>
    <subfield code="x">wessling</subfield>
    <subfield code="a">53377351930006442</subfield>
    <subfield code="M">49HBZ_BIE</subfield>
    <subfield code="p">61341628390006442</subfield>
    <subfield code="q">Oxford Research Encyclopedias</subfield>
    <subfield code="c">param</subfield>
    <subfield code="o">614330000000000377</subfield>
    <subfield code="y">2025-01-17 13:11:21 Europe/Berlin</subfield>
    <subfield code="w">2025-01-17 13:11:21 Europe/Berlin</subfield>
    <subfield code="D">https://eu04.alma.exlibrisgroup.com/view/uresolver/49HBZ_NETWORK/openurl?u.ignore_date_coverage=true&amp;portfolio_pid=53377351930006442&amp;Force_direct=true</subfield>
    <subfield code="v">wessling</subfield>
    <subfield code="z">2025-01-17 12:11:21</subfield>
    <subfield code="i">false</subfield>
    <subfield code="g">UB_BI</subfield>
    <subfield code="S">62341628380006442</subfield>
    <subfield code="d">https://hbz-network.userservices.exlibrisgroup.com/view/uresolver/49HBZ_NETWORK/openurl?u.ignore_date_coverage=true&amp;rft.mms_id=991026168754206442</subfield>
    <subfield code="b">Available</subfield>
    <subfield code="f">BOOK</subfield>
    <subfield code="8">53377351930006442</subfield>
  </datafield>
</record>
